@article{kermack1927,
  title={A contribution to the mathematical theory of epidemics},
  author={Kermack, William Ogilvy and McKendrick, Anderson G},
  journal={Proceedings of the royal society of london. Series A, Containing papers of a mathematical and physical character},
  volume={115},
  number={772},
  pages={700--721},
  year={1927},
  publisher={The Royal Society London}
}

@article{massad,
  title={Modelling the test, trace and quarantine strategy to control the COVID-19 epidemic in the state of S{\~a}o Paulo, Brazil},
  author={Amaku, Marcos and Covas, Dimas Tadeu and Coutinho, Francisco Antonio Bezerra and Neto, Raymundo Soares Azevedo and Struchiner, Claudio and Wilder-Smith, Annelies and Massad, Eduardo},
  journal={Infectious Disease Modelling},
  volume={6},
  pages={46--55},
  year={2021},
  publisher={Elsevier}
}

@misc{india,
  doi = {10.48550/ARXIV.2009.06457},
  
  url = {https://arxiv.org/abs/2009.06457},
  
  author = {Bedi, Punam and {Shivani} and Gole, Pushkar and Gupta, Neha and Jindal, Vinita},
  
  keywords = {Populations and Evolution (q-bio.PE), Computers and Society (cs.CY), Physics and Society (physics.soc-ph), FOS: Biological sciences, FOS: Biological sciences, FOS: Computer and information sciences, FOS: Computer and information sciences, FOS: Physical sciences, FOS: Physical sciences, K.4.2; G.1.7; G.1.10; I.2.6},
  
  title = {Projections for COVID-19 spread in India and its worst affected five states using the Modified SEIRD and LSTM models},
  
  publisher = {arXiv},
  
  year = {2020},
  
  copyright = {arXiv.org perpetual, non-exclusive license}
}

@article{india2,
  title={Projections for novel coronavirus (COVID-19) and evaluation of epidemic response strategies for India},
  author={Patrikar, Seema and Poojary, Deepti and Basannar, DR and Faujdar, DS and Kunte, Renuka},
  journal={Medical Journal Armed Forces India},
  volume={76},
  number={3},
  pages={268--275},
  year={2020},
  publisher={Elsevier}
}

@article{vacina,
  title={Pulse vaccination strategy in the SIR epidemic model},
  author={Shulgin, Boris and Stone, Lewi and Agur, Zvia},
  journal={Bulletin of mathematical biology},
  volume={60},
  number={6},
  pages={1123--1148},
  year={1998},
  publisher={Springer}
}

@misc{distancialmento,
  doi = {10.48550/ARXIV.2205.05174},
  
  url = {https://arxiv.org/abs/2205.05174},
  
  author = {Ridenti, M. A. and Teles, L. K. and Maranh√£o, A. and Teles, V. K.},
  
  keywords = {Populations and Evolution (q-bio.PE), FOS: Biological sciences, FOS: Biological sciences},
  
  title = {Mathematical Modeling and Investigation on the Role of Demography and Contact Patterns in Social Distancing Measures Effectiveness in COVID-19 Dissemination},
  
  publisher = {arXiv},
  
  year = {2022},
  
  copyright = {arXiv.org perpetual, non-exclusive license}
}

@misc{SISCidadeControle,
  doi = {10.48550/ARXIV.2109.03727},
  
  url = {https://arxiv.org/abs/2109.03727},
  
  author = {Cenedese, Carlo and Zino, Lorenzo and Cucuzzella, Michele and Cao, Ming},
  
  keywords = {Populations and Evolution (q-bio.PE), Dynamical Systems (math.DS), Optimization and Control (math.OC), Physics and Society (physics.soc-ph), FOS: Biological sciences, FOS: Biological sciences, FOS: Mathematics, FOS: Mathematics, FOS: Physical sciences, FOS: Physical sciences},
  
  title = {Optimal policy design to mitigate epidemics on networks using an SIS model},
  
  publisher = {arXiv},
  
  year = {2021},
  
  copyright = {arXiv.org perpetual, non-exclusive license}
}

@misc{SEIRgrafo,
  doi = {10.48550/ARXIV.2208.07559},
  
  url = {https://arxiv.org/abs/2208.07559},
  
  author = {Naldi, Giovanni and Patane', Giuseppe},
  
  keywords = {Numerical Analysis (math.NA), Discrete Mathematics (cs.DM), Probability (math.PR), FOS: Mathematics, FOS: Mathematics, FOS: Computer and information sciences, FOS: Computer and information sciences},
  
  title = {A Graph-Based Modelling of Epidemics]{A Graph-Based Modelling of Epidemics: Properties, Simulation, and Continuum Limit},
  
  publisher = {arXiv},
  
  year = {2022},
  
  copyright = {Creative Commons Attribution 4.0 International}
}

@article{LatticeGeo,
  title={COVID-19 Modeling Based on Real Geographic and Population Data},
  author={Baysazan, Emir and Berker, A Nihat and Mandal, Hasan and Kaygusuz, Hakan},
  journal={arXiv preprint arXiv:2207.01585},
  year={2022}
}

@article{lattice,
  title={A lattice model for influenza spreading},
  author={Liccardo, Antonella and Fierro, Annalisa},
  journal={PLoS One},
  volume={8},
  number={5},
  pages={e63935},
  year={2013},
  publisher={Public Library of Science San Francisco, USA}
}

@ARTICLE{EMV,  author={Yu, Pei-Duo and Tan, Chee Wei and Fu, Hung-Lin},  journal={IEEE Journal of Selected Topics in Signal Processing},   title={Epidemic Source Detection in Contact Tracing Networks: Epidemic Centrality in Graphs and Message-Passing Algorithms},   year={2022},  volume={16},  number={2},  pages={234-249},  doi={10.1109/JSTSP.2022.3153168}}

@article{grafoTC,
  title={Stochastic descriptors in an SIR epidemic model for heterogeneous individuals in small networks},
  author={L{\'o}pez-Garc{\'\i}a, M},
  journal={Mathematical biosciences},
  volume={271},
  pages={42--61},
  year={2016},
  publisher={Elsevier}
}

@article{Main,
	doi = {10.1209/0295-5075/89/38009},
  
	url = {https://doi.org/10.1209%2F0295-5075%2F89%2F38009},
  
	year = 2010,
	month = {feb},
  
	publisher = {{IOP} Publishing},
  
	volume = {89},
  
	number = {3},
  
	pages = {38009},
  
	author = {S. G{\'{o}
}mez and A. Arenas and J. Borge-Holthoefer and S. Meloni and Y. Moreno},
  
	title = {Discrete-time Markov chain approach to contact-based disease spreading in complex networks},
  
	journal = {{EPL} (Europhysics Letters)}
}

@article{Main2,
  title={COVID-19 spread in Saudi Arabia: modeling, simulation and analysis},
  author={Alrasheed, Hend and Althnian, Alhanoof and Kurdi, Heba and Al-Mgren, Heila and Alharbi, Sulaiman},
  journal={International Journal of Environmental Research and Public Health},
  volume={17},
  number={21},
  pages={7744},
  year={2020},
  publisher={MDPI}
}

@incollection{ImportSample,
  title={An introduction to rare event simulation and importance sampling},
  author={Biondini, Gino},
  booktitle={Handbook of Statistics},
  volume={33},
  pages={29--68},
  year={2015},
  publisher={Elsevier}
}

@article{asymptomatic,
  title={A systematic review of asymptomatic infections with COVID-19},
  author={Gao, Zhiru and Xu, Yinghui and Sun, Chao and Wang, Xu and Guo, Ye and Qiu, Shi and Ma, Kewei},
  journal={Journal of Microbiology, Immunology and Infection},
  volume={54},
  number={1},
  pages={12--16},
  year={2021},
  publisher={Elsevier}
}

@article{tracing,
  title={The effectiveness of backward contact tracing in networks},
  author={Kojaku, Sadamori and H{\'e}bert-Dufresne, Laurent and Mones, Enys and Lehmann, Sune and Ahn, Yong-Yeol},
  journal={Nature physics},
  volume={17},
  number={5},
  pages={652--658},
  year={2021},
  publisher={Nature Publishing Group}
}

@article{ceara,
  title={Superspreading k-cores at the center of COVID-19 pandemic persistence},
  author={S Monteiro, Higor and Luo, Shaojun and Reis, Saulo DS and Igual, Carles and S Lima Neto, Antonio and Travizan, Matias and Soares De Andrade Jr, Jose and Makse, Hernan and others},
  journal={Bulletin of the American Physical Society},
  volume={66},
  year={2021},
  publisher={APS}
}

@article{tracing2,
  title={Sideward contact tracing and the control of epidemics in large gatherings},
  author={Mancastroppa, Marco and Guizzo, Andrea and Castellano, Claudio and Vezzani, Alessandro and Burioni, Raffaella},
  journal={Journal of the Royal Society Interface},
  volume={19},
  number={190},
  pages={20220048},
  year={2022},
  publisher={The Royal Society}
}

@article{rumor,
  title={A new simple epidemic discrete-time model describing the dissemination of information with optimal control strategy},
  author={Boutayeb, Hamza and Bidah, Sara and Zakary, Omar and Rachik, Mostafa},
  journal={Discrete Dynamics in Nature and Society},
  volume={2020},
  year={2020},
  publisher={Hindawi}
}

@article{rumor1,
  title={Model-agnostic and diverse explanations for streaming rumour graphs},
  author={Nguyen, Thanh Tam and Phan, Thanh Cong and Nguyen, Minh Hieu and Weidlich, Matthias and Yin, Hongzhi and Jo, Jun and Nguyen, Quoc Viet Hung},
  journal={Knowledge-Based Systems},
  volume={253},
  pages={109438},
  year={2022},
  publisher={Elsevier}
}

@article{estimatingpath,
  title={Estimating the Number of st Paths in a Graph.},
  author={Roberts, Ben and Kroese, Dirk P},
  journal={J. Graph Algorithms Appl.},
  volume={11},
  number={1},
  pages={195--214},
  year={2007},
  publisher={Citeseer}
}

@misc{ErdosNx,
author = {Networkx},
howpublished = "\url{https://networkx.org/documentation/stable/reference/generated/networkx.generators.random_graphs.erdos_renyi_graph.html}"
}

@article{Erdos,
  title={On the evolution of random graphs},
  author={Erd{\H{o}}s, Paul and R{\'e}nyi, Alfr{\'e}d and others},
  journal={Publ. Math. Inst. Hung. Acad. Sci},
  volume={5},
  number={1},
  pages={17--60},
  year={1960}
}

@mics{barbasiNx,
author = {Networkx},
howpublished = "\url{https://networkx.org/documentation/stable/reference/generated/networkx.generators.random_graphs.barabasi_albert_graph.html}"
}

@article{barabasi,
  title={Emergence of scaling in random networks},
  author={Barab{\'a}si, Albert-L{\'a}szl{\'o} and Albert, R{\'e}ka},
  journal={science},
  volume={286},
  number={5439},
  pages={509--512},
  year={1999},
  publisher={American Association for the Advancement of Science}
}

@mics{SmallNx,
author = {Networkx},
howpublished = "\url{https://networkx.org/documentation/stable/reference/generated/networkx.generators.random_graphs.connected_watts_strogatz_graph.html#networkx.generators.random_graphs.connected_watts_strogatz_graph}"
}

@article{Small,
  title={Collective dynamics of ‚Äòsmall-world‚Äônetworks},
  author={Watts, Duncan J and Strogatz, Steven H},
  journal={nature},
  volume={393},
  number={6684},
  pages={440--442},
  year={1998},
  publisher={Nature Publishing Group}
}